@misc{1,
    title = "{scipy.optimize.curvefit}",
    howpublished = "\url{https://docs.scipy.org/doc/scipy/generated/scipy.optimize.curvefit.html}",
    note = "Accessed on 2018-4-18"
}

@misc{lombardo_2017, title={10 Solutions to Coral Reef Destruction}, howpublished="\url{http://visionlaunch.com/10-solutions-coral-reef-destruction/}", journal={Vision Launch}, author={Lombardo}, year={2017}, month={Jan}}

@misc{3,
    title = "Theme D Experiment for fluid dynamics & Incubation of coastal ecosystem",
    author = "Prof. Hiroshi Takagi, Prof.Takashi Nakamura"
}